%Article
@article{idea-shell,
	author = {Shell, D. L.},
	title = {A high-speed sorting procedure},
	year = {1959},
	issue_date = {July 1959},
	publisher = {Association for Computing Machinery},
	address = {New York, NY, USA},
	volume = {2},
	number = {7},
	issn = {0001-0782},
	url = {https://doi.org/10.1145/368370.368387},
	doi = {10.1145/368370.368387},
	journal = {Commun. ACM},
	month = jul,
	pages = {30–32},
	numpages = {3}
}

@article{idea-heap,
	author = {Forsythe, G. E.},
	title = {Algorithms},
	year = {1964},
	issue_date = {June 1964},
	publisher = {Association for Computing Machinery},
	address = {New York, NY, USA},
	volume = {7},
	number = {6},
	issn = {0001-0782},
	url = {https://doi.org/10.1145/512274.512284},
	doi = {10.1145/512274.512284},
	journal = {Commun. ACM},
	month = jun,
	pages = {347–349},
	numpages = {3}
}

@article{idea-quick,
	author = {Hoare, C. A. R.},
	title = {Algorithm 64: Quicksort},
	year = {1961},
	issue_date = {July 1961},
	publisher = {Association for Computing Machinery},
	address = {New York, NY, USA},
	volume = {4},
	number = {7},
	issn = {0001-0782},
	url = {https://doi.org/10.1145/366622.366644},
	doi = {10.1145/366622.366644},
	journal = {Commun. ACM},
	month = jul,
	pages = {321},
	numpages = {2}
}

@article{idea-merge,
	author = {Bron, C.},
	title = {Algorithm 426: Merge sort algorithm [M1]},
	year = {1972},
	issue_date = {May 1972},
	publisher = {Association for Computing Machinery},
	address = {New York, NY, USA},
	volume = {15},
	number = {5},
	issn = {0001-0782},
	url = {https://doi.org/10.1145/355602.361317},
	doi = {10.1145/355602.361317},
	journal = {Commun. ACM},
	month = may,
	pages = {357–358},
	numpages = {2},
	keywords = {merge, sort}
}

@article{improve-insertion,
	title = {Sorting with minimum data movement},
	journal = {Journal of Algorithms},
	volume = {13},
	number = {3},
	pages = {374-393},
	year = {1992},
	issn = {0196-6774},
	doi = {https://doi.org/10.1016/0196-6774(92)90045-E},
	url = {https://www.sciencedirect.com/science/article/pii/019667749290045E},
	author = {J {Ian Munro} and Venkatesh Raman},
}

% Book: idea & complexity
@book{cormen2022,
	author = {Cormen, Thomas H. and Leiserson, Charles E. and Rivest, Ronald L. and Stein, Clifford},
	title = {Introduction to Algorithms},
	edition = {4th},
	year = {2022},
	publisher = {MIT Press}
}

@book{hoang2008,
	author = {Hoàng, Lê Minh},
	title = {Giải thuật và Lập trình},
	year = {2008},
	publisher = {Nhà xuất bản Đại học Quốc gia Hà Nội}
}

@book{knuth1998,
	author = {Knuth, Donald E.},
	title = {The Art of Computer Programming, Volume 3: Sorting and Searching},
	edition = {2nd},
	year = {1998},
	publisher = {Addison-Wesley}
}

@book{weiss2013,
	author = {Weiss, Mark Allen},
	title = {Data Structure and Algorithm Analysis in C++},
	edition = {3.2nd},
	year = {2013},
	publisher = {Pearson Education}
}

@article{librarysort1992,
	author = {Munro, J. Ian and Raman, Venkatesh},
	title = {Library Sort: Sorting with Gaps},
	journal = {},
	year = {1992},
	note = {}
}

% Web: pseudo code
@misc{code-flash,
	author = {Karl,Dietrich Neubert},
	title = {{T}he {F}lashsort1 {A}lgorithm},
	howpublished = {\url{https://www.drdobbs.com/database/the-flashsort1-algorithm/184410496}},
	note = {Accessed on 12/12/2024, 9:26PM}
}

@misc{code-shell,
	author = {Tutorialspoint},
	title = {{S}hell {S}ort {A}lgorithm},
	howpublished = {\url{https://www.tutorialspoint.com/data\_structures\_algorithms/shell\_sort\_algorithm.htm}},
	note = {Accessed on 17/12/2024, 9:31PM}
}

@misc{code-insertion,
	author = {W3schools},
	title = {{I}nsertion {S}ort},
	howpublished = {\url{https://www.w3schools.com/dsa/dsa_algo_insertionsort.php}},
	note = {Accessed on 15/12/2024, 7:15PM}
}

@misc{code-bubble,
	author = {Programiz},
	title = {{B}ubble {S}ort},
	howpublished = {\url{https://www.programiz.com/dsa/bubble-sort}},
	note = {Accessed on 17/12/2024, 9:41PM}
}

@misc{code-merge,
	author = {Programiz},
	title = {{M}erge {S}ort {A}lgorithm},
	howpublished = {\url{https://www.programiz.com/dsa/merge-sort}},
	note = {Accessed on 18/12/2024, 7:57PM}
}

@misc{code-heap,
	author = {Geekforgeeks},
	title = {Heap {S}ort – {D}ata {S}tructures and {A}lgorithms {T}utorials},
	howpublished = {\url{https://www.geeksforgeeks.org/heap-sort/}},
	note = {Accessed on 16/12/2024, 7:00PM}
}

@misc{code-counting,
	author = {Programiz},
	title = {Counting {S}ort {A}lgorithm},
	howpublished = {\url{https://www.programiz.com/dsa/counting-sort}},
	note = {Accessed on 16/12/2024, 7:12PM}
}

@misc{code-radix,
	author = {Geekforgeeks},
	title = {Radix {S}ort – {D}ata {S}tructures and {A}lgorithms {T}utorials},
	howpublished = {\url{https://www.geeksforgeeks.org/radix-sort/}},
	note = {Accessed on 16/12/2024, 7:46PM}
}

@misc{code-shaker,
	author = {Daynhauhoc},
	title = {Shaker {S}ort {A}lgorithms},
	howpublished = {\url{https://daynhauhoc.com/t/cau-truc-du-lieu-va-giai-thuat-giai-thuat-sap-xep-rung-lac-shaker-sort/126359}},
	note = {Accessed on 17/12/2024, 7:05PM}
}

@manual{code-quick,
	author    = {{B}orland {I}nternational},
	title     = {Turbo Database Toolbox Reference Manual. Turbo Sort System, Part of Turbo Toolbox},
	year      = {1985},
	publisher = {Borland Software Corporation},
	note      = {Available online at Archive.org},
	url       = {https://archive.org/details/turbo-database-toolbox-reference-manual}
}